
@article{Fournier1901,
author={Fournier, Paul},
title={Not a Real Paper},
journal={ApJ},
fjournal={Astrophysical Journal},
volume=1,
pages={101-111},
year=1901,
}

@article{vanDijk1902,
author={{\VAN{Dijk}{Van}{van}} Dijk, Thomas},
title={An important paper},
journal={QJRAS},
fjournal={Quarterly Journal of the Royal Astronomial Society},
volume=2,
pages={202-207},
year=1902,
}

@article{deLaguarde1903,
author={{\VAN{Laguarde}{De}{de}} Laguarde, Anne},
title={Another Unreal Paper},
journal={Nat},
fjournal={Nature},
volume=3,
pages={303-304},
year=1903,
}

@article{delaGuarde1904,
author={{\VAN{Guarde}{De la}{de la}} Guarde, Simon},
title={A Last Unreal Paper},
journal={MNRAS},
fjournal={Monthly Notices of the Royal Astronomial Society},
volume=4,
pages={404-481},
year=1904,
}
